@article{Binkert-gem5-2011,
author = {Binkert, Nathan and Beckmann, Bradford and Black, Gabriel and Reinhardt, Steven K. and Saidi, Ali and Basu, Arkaprava and Hestness, Joel and Hower, Derek R. and Krishna, Tushar and Sardashti, Somayeh and Sen, Rathijit and Sewell, Korey and Shoaib, Muhammad and Vaish, Nilay and Hill, Mark D. and Wood, David A.},
title = {The {g}em5 Simulator},
year = {2011},
issue_date = {May 2011},
publisher = {Association for Computing Machinery},
address = {New York, NY, USA},
volume = {39},
number = {2},
issn = {0163-5964},
url = {https://doi.org/10.1145/2024716.2024718},
doi = {10.1145/2024716.2024718},
journal = {SIGARCH Comput. Archit. News},
month = aug,
pages = {1–7},
numpages = {7}
}

@inproceedings{Power-gem5horrors-2015,
  author    = {Jason Lowe-Power},
  title     = {gem5 Horrors and what we can do about it},
  booktitle = {Second gem5 User Workshop with ISCA 2015},
  year      = {2015}
}

% RRIP paper
@inproceedings{Jaleel2010rrip,
author = {Jaleel, Aamer and Theobald, Kevin B. and Steely, Simon C. and Emer, Joel},
title = {High Performance Cache Replacement Using Re-Reference Interval Prediction (RRIP)},
year = {2010},
isbn = {9781450300537},
publisher = {Association for Computing Machinery},
address = {New York, NY, USA},
url = {https://doi.org/10.1145/1815961.1815971},
doi = {10.1145/1815961.1815971},
booktitle = {Proceedings of the 37th Annual International Symposium on Computer Architecture},
pages = {60–71},
numpages = {12},
keywords = {thrashing, replacement, shared cache, scan resistance},
location = {Saint-Malo, France},
series = {ISCA ’10}
}


% A survey on replacement policies
@article{jain2019cache,
  title={Cache Replacement Policies},
  author={Jain, Akanksha and Lin, Calvin},
  journal={Synthesis Lectures on Computer Architecture},
  volume={14},
  number={1},
  pages={1--87},
  year={2019},
  publisher={Morgan \& Claypool Publishers}
}

% BDI's paper
@inproceedings{pekhimenko2012base,
  title={Base-delta-immediate compression: practical data compression for on-chip caches},
  author={Pekhimenko, Gennady and Seshadri, Vivek and Mutlu, Onur and Gibbons, Phillip B and Kozuch, Michael A and Mowry, Todd C},
  booktitle={Proceedings of the 21st international conference on Parallel architectures and compilation techniques},
  pages={377--388},
  year={2012},
  organization={ACM}
}

% C-Pack's paper
@article{chen2010c,
  title={C-pack: A high-performance microprocessor cache compression algorithm},
  author={Chen, Xi and Yang, Lei and Dick, Robert P and Shang, Li and Lekatsas, Haris},
  journal={Very Large Scale Integration (VLSI) Systems, IEEE Transactions on},
  volume={18},
  number={8},
  pages={1196--1208},
  year={2010},
  publisher={IEEE}
}

% A survey on compression and compression organization
@article{sardashti2015primer,
  title={A primer on compression in the memory hierarchy},
  author={Sardashti, Somayeh and Arelakis, Angelos and Stenstr{\"o}m, Per and Wood, David A},
  journal={Synthesis Lectures on Computer Architecture},
  volume={10},
  number={5},
  pages={1--86},
  year={2015},
  publisher={Morgan \& Claypool Publishers}
}

% YACC's paper
@article{sardashti2016yet,
  title={Yet another compressed cache: a low-cost yet effective compressed cache},
  author={Sardashti, Somayeh and Seznec, Andre and Wood, David A},
  journal={ACM Transactions on Architecture and Code Optimization (TACO)},
  volume={13},
  number={3},
  pages={27},
  year={2016},
  publisher={ACM}
}

% FPCD's paper
@inproceedings{alameldeen2018opportunistic,
  title={Opportunistic compression for direct-mapped DRAM caches},
  author={Alameldeen, Alaa R and Agarwal, Rajat},
  booktitle={Proceedings of the International Symposium on Memory Systems},
  pages={129--136},
  year={2018},
  organization={ACM}
}

@techreport{Waterman2011riscv,
    Author = {Waterman, Andrew and Lee, Yunsup and Patterson, David A. and Asanović, Krste},
    Title = {The RISC-V Instruction Set Manual, Volume I: Base User-Level ISA},
    Institution = {EECS Department, University of California, Berkeley},
    Year = {2011},
    Month = {May},
    URL = {http://www2.eecs.berkeley.edu/Pubs/TechRpts/2011/EECS-2011-62.html},
    Number = {UCB/EECS-2011-62}
}

@Article{systemc_ieee11,
  Title                    = {{IEEE} Standard for Standard {SystemC} Language Reference Manual},
  Journal                  = {IEEE Std 1666-2011 (Revision of IEEE Std 1666-2005)},
  Year                     = {2012},
  Month                    = {Jan},
  Doi                      = {10.1109/IEEESTD.2012.6134619},
}

@INPROCEEDINGS{menard2017-system-systemc,
  author =       {Christian Menard and Jeronimo Castrillon and Matthias Jung
                  and Norbert Wehn},
  title =        {System Simulation with gem5 and {SystemC}: The Keystone for
                  Full Interoperability},
  booktitle =    {2017 International Conference on Embedded Computer Systems:
                  Architectures, Modeling, and Simulation (SAMOS)},
  year =         2017,
  pages =        {62-69},
}

@inproceedings{Ta2019gputesting,
  author    = {Tuan Ta and
               Xianwei Zhang and
               Anthony Gutierrez and
               Bradford M. Beckmann},
  title     = {Autonomous Data-Race-Free {GPU} Testing},
  booktitle = {{IEEE} International Symposium on Workload Characterization, {IISWC}
               2019, Orlando, FL, USA, November 3-5, 2019},
  pages     = {81--92},
  publisher = {{IEEE}},
  year      = {2019},
  url       = {https://doi.org/10.1109/IISWC47752.2019.9042019},
  doi       = {10.1109/IISWC47752.2019.9042019},
  timestamp = {Mon, 23 Mar 2020 13:15:20 +0100},
  biburl    = {https://dblp.org/rec/conf/iiswc/TaZGB19.bib},
  bibsource = {dblp computer science bibliography, https://dblp.org}
}

@InProceedings{jagdie_16,
  Title                    = {{E}xploring {S}ystem {P}erformance using {E}lastic {T}races: {F}ast, {A}ccurate and {P}ortable},
  Author                   = {Jagtap, Radhika and Diestelhorst, Stephan and Hansson, Andreas and Jung, Matthias and Wehn, Norbert},
  Booktitle                = {IEEE International Conference on Embedded Computer Systems Architectures Modeling and Simulation (SAMOS), July, 2016, Samos Island, Greece},
  Year                     = {2016},

  Owner                    = {MJ},
  Timestamp                = {2016-05-14}
}

@Misc{kargoo_14,
  Title                    = {{DRAMP}ower: {O}pen-source {DRAM} power \& energy estimation tool},

  Author                   = {Karthik Chandrasekar and Christian Weis and Yonghui Li and Benny Akesson and Omar Naji and Matthias Jung and Norbert Wehn and Kees Goossens},
  HowPublished             = {\url{ http://www.drampower.info}},
  Year                     = {2014},

  Address                  = {http://www.drampower.info/},
  Owner                    = {Brugger},
  Timestamp                = {2020-04-03}
}

@Conference{jagjun_17,
  Title                    = {{I}ntegrating {DRAM} {P}ower-{D}own {M}odes in gem5 and {Q}uantifying their {I}mpact},
  Author                   = {Jagtap, Radhika and Jung, Matthias and Elsasser, Wendy and Weis, Christian and Hansson, Andreas and Wehn, Norbert},
  Booktitle                = {International Symposium on Memory Systems (MEMSYS17)},
  Year                     = {2017},

  Owner                    = {MJ},
  Timestamp                = {2017-06-29}
}

@InProceedings{butko2012accuracy,
  Title                    = {{Accuracy Evaluation of GEM5 Simulator System}},
  Author                   = {Butko, Anastasiia and Garibotti, Rafael and Ost, Luciano and Sassatelli, Gilles},
  Booktitle                = {IEEE 7th International Workshop on Reconfigurable Communication-centric Systems-on-Chip},
  Year                     = {2012},
  Month                    = {York, UK, 9-11 July},
  Pages                    = {1--7},
  Publisher                = {York, UK}
}

@InProceedings{gutierrez2014sources,
  Title                    = {{Sources of Error in Full-System Simulation}},
  Author                   = {Gutierrez, Anthony and Pusdesris, Joseph and Dreslinski, Ronald G and Mudge, Trevor and Sudanthi, Chander and Emmons, Christopher D and Hayenga, Mitchell and Paver, Nigel},
  Booktitle                = {IEEE International Symposium on Performance Analysis of Systems and Software},
  Year                     = {2014},
  Publisher                = {Monterey, CA},
  Pages                    = {13--22},
   Publisher               = {Monterey, CA}
}

@inproceedings{endo2014micro,
  title={{Micro-architectural Simulation of In-Order and Out-of-Order ARM Microprocessors with gem5}},
  author={Endo, Fernando A and Courouss{\'e}, Damien and Charles, Henri-Pierre},
  booktitle={Embedded Computer Systems: Architectures, Modeling, and Simulation (SAMOS XIV), 2014 International Conference on},
  pages={266--273},
  year={2014},
  organization={IEEE}
}

@inproceedings{asri2016simulator,
  title={{Simulator Calibration for Accelerator-Rich Architecture Studies}},
  author={Asri, Mochamad and Pedram, Ardavan and John, Lizy K and Gerstlauer, Andreas},
  booktitle={International Conference on Embedded Computer Systems: Architectures, Modeling and Simulation (SAMOS),},
  pages={88--95},
  year={2016},
  organization={IEEE}
}

@inproceedings{walker2018hardware,
  title={Hardware-Validated CPU Performance and Energy Modelling},
  author={Walker, Matthew and Bischoff, Sascha and Diestelhorst, Stephan and Merrett, Geoff and Al-Hashimi, Bashir},
  booktitle={Performance Analysis of Systems and Software (ISPASS), 2018 IEEE International Symposium on},
  pages={44--53},
  year={2018},
  organization={IEEE}
}

@article{jo2018diagsim,
  title={DiagSim: Systematically Diagnosing Simulators for Healthy Simulations},
  author={Jo, Jae-Eon and Lee, Gyu-Hyeon and Jang, Hanhwi and Lee, Jaewon and Ajdari, Mohammadamin and Kim, Jangwoo},
  journal={ACM Transactions on Architecture and Code Optimization (TACO)},
  volume={15},
  number={1},
  pages={4},
  year={2018},
  publisher={ACM}
}

@article{tanimoto2017dependence,
  title={Dependence Graph Model for Accurate Critical Path Analysis on Out-of-Order Processors},
  author={Tanimoto, Teruo and Ono, Takatsugu and Inoue, Koji},
  journal={Journal of Information Processing},
  volume={25},
  pages={983--992},
  year={2017},
  publisher={Information Processing Society of Japan}
}

@inproceedings{akram2019validation,
  title={Validation of the gem5 Simulator for x86 Architectures},
  author={Akram, Ayaz and Sawalha, Lina},
  booktitle={2019 IEEE/ACM Performance Modeling, Benchmarking and Simulation of High Performance Computer Systems (PMBS)},
  pages={53--58},
  year={2019},
  organization={IEEE}
}

@article{nowatzki2015architectural,
  title={Architectural simulators considered harmful},
  author={Nowatzki, Tony and Menon, Jaikrishnan and Ho, Chen-Han and Sankaralingam, Karthikeyan},
  journal={IEEE Micro},
  volume={35},
  number={6},
  pages={4--12},
  year={2015},
  publisher={IEEE}
}

@inproceedings{akram201686,
  title={{x86 Computer Architecture Simulators: A Comparative Study}},
  author={Akram, Ayaz and Sawalha, Lina},
  booktitle={{IEEE 34th International Conference on Computer Design}},
  series = {ICCD},
  pages={638--645},
  year={2016},
  organization={IEEE}
}
